
%% Saved with string encoding Unicode (UTF-8) 

@inproceedings{dagher2015provisions,
  title={Provisions: Privacy-preserving proofs of solvency for bitcoin exchanges},
  author={Dagher, Gaby G and B{\"u}nz, Benedikt and Bonneau, Joseph and Clark, Jeremy and Boneh, Dan},
  booktitle={Proceedings of the 22nd ACM SIGSAC Conference on Computer and Communications Security},
  pages={720--731},
  year={2015},
  organization={ACM}
}


